@online{logistello,
	author = "Michael Buro",
	title = "LOGISTELLO's Homepage",
	url = "https://skatgame.net/mburo/log.html",
	date = "2023-10-21"
}

@online{wiki,
	author = "Wikipedia",
	title = "Reversi",
	url = "https://en.wikipedia.org/wiki/Reversi",
	date = "2023-10-21"
}